@book{Train2009,
	Title = {Discrete Choice Methods with Simulation},
	Author = {Kenneth Train},
	Publisher = {Cambridge University Press},
	Year = {2009}
}

@article{Mohamed2018,
	Author = {Mohamed, M., Ferguson, M., Kanaroglou, P.},
	Doi = {10.1016/j.trd.2017.09.019},
	Journal = {Transportation Research Part D: Transport and Environment},
	Pages = {134--149},
	Title = {What hinders adoption of the electric bus in Canadian transit? Perspectives of transit providers},
	Volume = 64,
	Year = {2018},
	Bdsk-Url-1 = {https://doi.org/10.1016/j.trd.2017.09.019}
	}
